<?xml version="1.0" encoding="UTF-8"?><collection xmlns="http://www.loc.gov/MARC21/slim"><record><leader>00427nam--2200169-i-4500</leader><controlfield tag="001">000034000</controlfield><controlfield tag="002">20161230</controlfield><controlfield tag="005">20170118172952</controlfield><controlfield tag="008">060222s1000------------r-----000-0-eng-d</controlfield><datafield ind1=" " ind2=" " tag="080"><subfield code="a">621.797</subfield></datafield><datafield ind1=" " ind2=" " tag="100"><subfield code="a">Morton, G. A</subfield></datafield><datafield ind1=" " ind2=" " tag="245"><subfield code="a">Television. The electronics of image transmission</subfield></datafield><datafield ind1=" " ind2=" " tag="260"><subfield code="a">New York</subfield><subfield code="b">John Wiley</subfield><subfield code="c">1940</subfield></datafield><datafield ind1=" " ind2=" " tag="300"><subfield code="a">XI + 646 p</subfield></datafield><datafield ind1=" " ind2=" " tag="700"><subfield code="a">Zworykin, V. K</subfield></datafield><datafield ind1=" " ind2=" " tag="852"><subfield code="a">724</subfield></datafield><datafield ind1=" " ind2=" " tag="CAT"><subfield code="a">SYS</subfield><subfield code="c">20170118</subfield><subfield code="h">172952</subfield></datafield></record></collection>